@misc{AI2018CW,
	title = {Artificial Intelligence Modules (CMP6040, 7028) Coursework Specification},
	author = {Wang, Wenjia},
	year={2018},
}

@misc{openai,
    title = {OpenAI},
    author = {OpenAI},
    year = {2024},
    howpublished = {\url{https://openai.com}},
}

@misc{git,
    title = {Git},
    author = {Linus Torvalds},
    year = {2024},
    howpublished = {\url{https://git-scm.com}},
}

@misc{github,
    title = {GitHub},
    author = {GitHub},
    year = {2024},
    howpublished = {\url{https://github.com}},
}

@misc{microsoft,
    title = {Microsoft},
    author = {Microsoft},
    year = {2024},
    howpublished = {\url{https://www.microsoft.com}},
}

@misc{gpt4,
    title = {GPT-4},
    author = {OpenAI},
    year = {2024},
    howpublished = {\url{https://openai.com/gpt-4}},
}

@misc{copilot,
    title = {GitHub Copilot},
    author = {GitHub},
    year = {2024},
    howpublished = {\url{https://copilot.github.com}},
}

@article{knn,
  title={Discriminatory analysis, nonparametric discrimination},
  author={Fix, Evelyn and Hodges, Joseph Lawson},
  year={1951},
  publisher={consistency properties. Technical Report 4, United States Air Force, School~…}
}

@misc{python,
    title = {Python},
    author = {Python Software Foundation},
    year = {2024},
    howpublished = {\url{https://www.python.org}},
}

@misc{spacy,
    title = {spaCy},
    author = {Explosion AI},
    year = {2024},
    howpublished = {\url{https://spacy.io}},
}

%numpy calc performance statistics for delay prediction model
@misc{numpy,
    title = {NumPy},
    author = {NumPy},
    year = {2024},
    howpublished = {\url{https://numpy.org}},
}

@misc{scikitlearn,
    title = {Scikit Learn},
    author = {Scikit-Learn},
    year = {2024},
    howpublished = {\url{https://scikit-learn.org}},
}

%data processing/manipulation
@misc{pandas,
    title = {Pandas},
    author = {Pandas},
    year = {2024},
    howpublished = {\url{https://pandas.pydata.org}},
}

@misc{selenium,
    title = {Selenium},
    author = {Selenium},
    year = {2024},
    howpublished = {\url{https://www.selenium.dev}},
}

@misc{tkinter,
    title = {Tkinter},
    author = {Python Software Foundation},
    year = {2024},
    howpublished = {\url{https://docs.python.org/3/library/tkinter.html}},
}

@misc{customtkinter,
    title = {Custom Tkinter Widgets},
    author = {TomSchimansky},
    year = {2024},
    howpublished = {\url{https://github.com/TomSchimansky/CustomTkinter}},
}

@misc{fedora,
    title = {Fedora Linux},
    author = {The Fedora Project},
    year = {2024},
    howpublished = {\url{https://fedoraproject.org}},
}

@misc{windows,
    title={Windows 11},
    author={Microsoft},
    year={2023},
    howpublished={\url{https://www.microsoft.com/windows}}
}


% STUFF WE DIDN'T USE BUT CONSIDERED

@book{NLTK,
	author = {Bird, Steven, Edward Loper and Ewan Klein},
	title = {Natural Language Processing with Python},
	year = {2009},
	OPTpublisher = {O’Reilly Media Inc.},
	OPTurl = {http://www.nltk.org/},
	OPTurldate = {Accessed on 30/10/2018},
}


